<record><leader>00000cas a22000007a 4500</leader><controlfield tag="001">38530923</controlfield><controlfield tag="008">980302d18571857mauwr ne      0    0eng d</controlfield><datafield ind1=" " ind2=" " tag="010"><subfield code="a">sn 97068884 </subfield></datafield><datafield ind1=" " ind2=" " tag="040"><subfield code="a">MGN</subfield><subfield code="b">eng</subfield><subfield code="c">MGN</subfield><subfield code="d">OCLCQ</subfield></datafield><datafield ind1=" " ind2=" " tag="042"><subfield code="a">msc</subfield></datafield><datafield ind1="0" ind2=" " tag="130"><subfield code="a">Home library (Foxborough, Mass.)</subfield></datafield><datafield ind1="1" ind2="4" tag="245"><subfield code="a">The home library.</subfield></datafield><datafield ind1=" " ind2=" " tag="260"><subfield code="a">Foxboro', Mass. :</subfield><subfield code="b">W.H. Thomas</subfield></datafield><datafield ind1=" " ind2=" " tag="300"><subfield code="a">v.</subfield></datafield><datafield ind1=" " ind2=" " tag="310"><subfield code="a">Weekly</subfield></datafield><datafield ind1="0" ind2=" " tag="362"><subfield code="a">Vol. 1, no. 1 (June 13, 1857)-v. 2, no. 1 (Dec. 12, 1857).</subfield></datafield><datafield ind1=" " ind2=" " tag="752"><subfield code="a">United States</subfield><subfield code="b">Massachusetts</subfield><subfield code="c">Norfolk</subfield><subfield code="d">Foxborough.</subfield></datafield></record>